<?xml version="1.0" encoding="UTF-8"?><collection xmlns="http://www.loc.gov/MARC21/slim"><record><leader>00570nam--2200181-i-4500</leader><controlfield tag="001">000015997</controlfield><controlfield tag="002">20161230</controlfield><controlfield tag="005">20161230201031</controlfield><controlfield tag="008">060222s1000------------r-----000-0-eng-d</controlfield><datafield ind1=" " ind2=" " tag="040"><subfield code="a">IFIN-HH</subfield></datafield><datafield ind1=" " ind2=" " tag="080"><subfield code="a">53:31</subfield></datafield><datafield ind1="1" ind2=" " tag="100"><subfield code="a">Green, M.S</subfield></datafield><datafield ind1="1" ind2="0" tag="245"><subfield code="a">Critical phenomena. proceedings of a conference held in washington, d.c. april 1965</subfield><subfield code="c">M.s. green, j.v. sengers (eds.)</subfield></datafield><datafield ind1=" " ind2=" " tag="260"><subfield code="a">Washington, D.C</subfield><subfield code="b">National Bureau Of Standards Miscellaneous Publication</subfield><subfield code="c">1966</subfield></datafield><datafield ind1=" " ind2=" " tag="300"><subfield code="a">XIV+242P</subfield></datafield><datafield ind1=" " ind2=" " tag="700"><subfield code="a">Sengers, J.V</subfield></datafield><datafield ind1=" " ind2=" " tag="852"><subfield code="a">31832</subfield><subfield code="c">53.08</subfield></datafield><datafield ind1=" " ind2=" " tag="CAT"><subfield code="a">Sys</subfield><subfield code="c">20151028</subfield><subfield code="h">152833</subfield></datafield></record></collection>